@article{wu2020hybrid,
  title={Hybrid tensor decomposition in neural network compression},
  author={Wu, Bijiao and Wang, Dingheng and Zhao, Guangshe and Deng, Lei and Li, Guoqi},
  journal={Neural Networks},
  volume={132},
  pages={309--320},
  year={2020},
  publisher={Elsevier}
}
@article{gilboa2013scaling,
  title={Scaling multidimensional inference for structured Gaussian processes},
  author={Gilboa, Elad and Saat{\c{c}}i, Yunus and Cunningham, John P},
  journal={IEEE transactions on pattern analysis and machine intelligence},
  volume={37},
  number={2},
  pages={424--436},
  year={2013},
  publisher={IEEE}
}
